<?xml version="1.0" encoding="UTF-8"?><record xmlns="http://www.loc.gov/MARC21/slim" xmlns:cinclude="http://apache.org/cocoon/include/1.0" xmlns:zs="http://www.loc.gov/zing/srw/">
  <leader>00366nz  a2200121n  4500</leader>
  <controlfield tag="001">n  84203170 </controlfield>
  <controlfield tag="003">DLC</controlfield>
  <controlfield tag="005">19850405000000.0</controlfield>
  <controlfield tag="008">850221n| acannaab|          |n aaa |||  </controlfield>
  <datafield tag="010" ind1=" " ind2=" ">
    <subfield code="a">n  84203170 </subfield>
  </datafield>
  <datafield tag="040" ind1=" " ind2=" ">
    <subfield code="a">DLC</subfield>
    <subfield code="c">DLC</subfield>
  </datafield>
  <datafield tag="100" ind1="1" ind2="0">
    <subfield code="a">Kurberg, Horst,</subfield>
    <subfield code="d">1921-</subfield>
  </datafield>
  <datafield tag="670" ind1=" " ind2=" ">
    <subfield code="a">His Geschichte der Propstei Eiderstedt, 1984:</subfield>
    <subfield code="b">t.p. (Horst Kurberg) p. 139 (b. 5/5/21 in Hamburg-Bergedorf)</subfield>
  </datafield>
</record>